@inproceedings{cuong15,
author = {Francisco Suarez-Ruiz and Quang-Cuong Pham},
language = {English},
title = {{A Framework for Fine Robotic Assembly}},
year = {2015}
}
@inproceedings{Hao15,
author = {A. Wahrburg, and E. Morara, and G. Cesari, and B. Matthias, and H. Ding},
booktitle = {Proc. of IEEE International Conference on Automation Science and Engineering},
isbn = {978-1-4673-8183-3},
language = {English},
pages = {1230-1235},
title = {{Cartesian Contact Force Estimation for Robotic Manipulators using Kalman Filters and Generalized Momentum}},
year = {2015}
}
@inproceedings{Hao14,
author = {A. Wahrburg and S. Zeiss and B. Matthias and H. Ding},
booktitle = {Proc. of IEEE International Conference on Automation Science and Engineering},
isbn = {978-1-4799-5283-0},
language = {English},
pages = {1252-1257},
title = {{Contact Force Estimation for Robotic Assembly using Motor Torques}},
year = {2014}
}
@inproceedings{Stolt12,
author = {A. Stolt and M. Linderoth and A. Robertsson and R. Johansson},
booktitle = {Proc. of IEEE International Conference on Robotics and Automation},
isbn = {978-1-4673-1405-3},
language = {English},
pages = {1538-1543},
title = {{Force Controlled Robotic Assembly without a Force Sensor}},
year = {2012}
}
@inproceedings{Beyl11,
author = {M. Van Damme and P. Beyl and B. Vanderborght and V. Grosu and R. Van Ham and I. Vanderniepen and A. Matthys and D. Lefeber},
booktitle = {Proc. of IEEE International Conference on Robotics and Automation},
isbn = {978-1-61284-385-8},
language = {English},
pages = {1108-1113},
title = {{Estimating Robot End-Effector Force from Noisy Actuator Torque Measurements}},
year = {2011}
}
@inproceedings{Bona05,
author = {B. Bona and M Indri},
booktitle = {Proc. of 44th IEEE Conference on Decision and Control, and the European Control Conference 2005},
isbn = {0-7803-9568-9},
language = {English},
pages = {4360-4367},
title = {{Friction Compensation in Robotics: an Overview}},
year = {2005}
}
@inproceedings{Ohi91,
author = {K. Ohishi and M. Miyazaki and M. Fujita and Y. Ogino},
booktitle = {Proc. of Industrial Electronics, Control and Instrumentation},
isbn = {0-87942-688-8},
language = {English},
pages = {1049-1054},
title = {{Hâˆž observer based force control without force sensor }},
year = {1991}
}
@inproceedings{kerm04,
author = {M. Kermani and M. Wong and R. Patel and M. Moallem and M. Ostojic},
booktitle = {Proc. ICRA '04, 2004 IEEE Int. Conf. on Robotics and Automation},
language = {English},
pages = {4320-4325},
title = {{Friction compensation in low and high-reversal-velocity manipulators}},
year = {2004}
}

@article{Nori15,
author = {Andrea Del Prete and Nicolas Mansard and Oscar Efrain Ramos Ponce and Olivier Stasse and Francesco Nori},
month = March,
title = {{Implementing Torque Control with High-Ratio Gear Boxes and without Joint-Torque Sensors}},
year = {2015}
}

@article{Ngoc09,
author = {Ngoc Dung Vuong and Marcelo H. Ang Jr. },
journal = {Acta Polytechnica Hungarica},
number = {5},
pages = {51-68},
title = {{Dynamic Model Identification for Industrial Robots}},
volume = {6},
year = {2009}
}
