@inproceedings{Bischoff2010,
author = {Bischoff, Rainer and others},
booktitle = {6th Ger. Conf. Robot.},
isbn = {978-3-8007-3273-9},
language = {English},
pages = {1--8},
publisher = {VDE},
title = {{The KUKA-DLR Lightweight Robot arm - a new reference platform for robotics research and manufacturing}},
year = {2010}
}
@article{Bloss2010,
author = {Bloss, Richard},
doi = {10.1108/01439911011063245},
issn = {0143-991X},
journal = {Ind. Robot An Int. J.},
keywords = {Assembly,Innovation,Robotics},
language = {en},
month = aug,
number = {5},
pages = {427--430},
publisher = {Emerald Group Publishing Limited},
title = {{Robotics innovations at the 2009 Assembly Technology Expo}},
volume = {37},
year = {2010}
}
@article{Bullock2012,
author = {Bullock, I M and Ma, R R and Dollar, A M},
doi = {10.1109/TOH.2012.53},
file = {:home/fsuarez6/.local/share/data/Mendeley Ltd./Mendeley Desktop/Downloaded/Bullock, Ma, Dollar - 2012 - A hand-centric classification of human and robot dexterous manipulation.pdf:pdf},
issn = {2329-4051},
journal = {IEEE Trans. Haptics},
language = {English},
month = jan,
number = {2},
pages = {129--44},
pmid = {24808298},
publisher = {IEEE},
title = {{A hand-centric classification of human and robot dexterous manipulation.}},
volume = {6},
year = {2012}
}
@article{Calanca2015,
author = {Calanca, A. and Muradore, R. and Fiorini, P.},
doi = {10.1109/TMECH.2015.2465849},
file = {:home/fsuarez6/.local/share/data/Mendeley Ltd./Mendeley Desktop/Downloaded/Calanca, Muradore, Fiorini - 2015 - A Review of Algorithms for Compliant Control of Stiff and Fixed-Compliance Robots.pdf:pdf},
issn = {1083-4435},
journal = {IEEE/ASME Trans. Mechatronics},
number = {99},
pages = {1},
shorttitle = {Mechatronics, IEEE/ASME Transactions on},
title = {{A Review of Algorithms for Compliant Control of Stiff and Fixed-Compliance Robots}},
volume = {PP},
year = {2015}
}
@incollection{Cutkosky1990,
address = {New York, NY},
author = {Cutkosky, Mark R. and Howe, Robert D.},
booktitle = {Dextrous Robot Hands},
doi = {10.1007/978-1-4613-8974-3\_1},
editor = {Venkataraman, Subramanian T. and Iberall, Thea},
pages = {5--31},
publisher = {Springer New York},
title = {{Human grasp choice and robotic grasp analysis}},
year = {1990}
}
@phdthesis{diankov2010,
author = {Diankov, Rosen},
month = aug,
number = {CMU-RI-TR-10-29},
school = {Carnegie Mellon University, Robotics Institute},
title = {{Automated Construction of Robotic Manipulation Programs}},
year = {2010}
}
@article{Dubey1995,
author = {Dubey, R.V.},
doi = {10.1109/70.370511},
issn = {1042296X},
journal = {IEEE Trans. Robot. Autom.},
language = {English},
month = apr,
number = {2},
pages = {286--292},
publisher = {IEEE},
title = {{A weighted least-norm solution based scheme for avoiding joint limits for redundant joint manipulators}},
volume = {11},
year = {1995}
}
@inproceedings{Feix2009,
author = {Feix, T. and others},
booktitle = {Robot. Sci. Syst. Work. Underst. Hum. Hand Adv. Robot. Manip.},
title = {{A comprehensive grasp taxonomy}},
year = {2009}
}
@article{Hannaford1991,
author = {Hannaford, B and Wood, L and McAffee, D A and Zak, H},
file = {:home/fsuarez6/.local/share/data/Mendeley Ltd./Mendeley Desktop/Downloaded/Hannaford et al. - 1991 - Performance evaluation of a six-axis generalized force-reflecting teleoperator.pdf:pdf},
issn = {0018-9472},
journal = {IEEE Trans. Syst. Man Cybern.},
number = {3},
pages = {620--633},
title = {{Performance evaluation of a six-axis generalized force-reflecting teleoperator}},
volume = {21},
year = {1991}
}
@article{Hogan1985,
annote = {10.1115/1.3140701},
author = {Hogan, Neville},
issn = {0022-0434},
journal = {J. Dyn. Syst. Meas. Control},
month = mar,
number = {1},
pages = {1--24},
publisher = {ASME},
title = {{Impedance Control: An Approach to Manipulation: Part I, II, III}},
volume = {107},
year = {1985}
}
@incollection{Hollerbach2008,
author = {Hollerbach, John and Khalil, Wisama and Gautier, Maxime},
booktitle = {Springer Handb. Robot.},
chapter = {1},
editor = {Siciliano, Bruno and Khatib, Oussama},
isbn = {978-3-540-23957-4},
pages = {321--344},
publisher = {Springer},
title = {{Model Identification}},
year = {2008}
}
@inproceedings{Knepper2013,
author = {Knepper, Ross A. and others},
booktitle = {IEEE Int. Conf. Robot. Autom.},
isbn = {978-1-4673-5643-5},
issn = {1050-4729},
language = {English},
month = may,
pages = {855--862},
publisher = {IEEE},
title = {{IkeaBot: An autonomous multi-robot coordinated furniture assembly system}},
year = {2013}
}
@inproceedings{Kock2011,
author = {Kock, Sonke and others},
booktitle = {IEEE Int. Symp. Assem. Manuf.},
doi = {10.1109/ISAM.2011.5942358},
isbn = {978-1-61284-342-1},
issn = {Pending},
language = {English},
month = may,
pages = {1--5},
publisher = {IEEE},
title = {{Robot concept for scalable, flexible assembly automation: A technology study on a harmless dual-armed robot}},
year = {2011}
}
@inproceedings{Kubus2008,
author = {Kubus, D. and Kroger, T. and Wahl, F.M.},
booktitle = {IEEE/RSJ Int. Conf. Intell. Robot. Syst.},
doi = {10.1109/IROS.2008.4650672},
isbn = {978-1-4244-2057-5},
language = {English},
month = sep,
pages = {3845--3852},
publisher = {IEEE},
title = {{On-line estimation of inertial parameters using a recursive total least-squares approach}},
year = {2008}
}
@inproceedings{Kuffner2000,
author = {Kuffner, J.J. and LaValle, S.M.},
booktitle = {IEEE Int. Conf. Robot. Autom.},
doi = {10.1109/ROBOT.2000.844730},
isbn = {0-7803-5886-4},
issn = {1050-4729},
language = {English},
pages = {995--1001},
publisher = {IEEE},
title = {{RRT-connect: An efficient approach to single-query path planning}},
volume = {2},
year = {2000}
}
@book{Latombe1991,
address = {Boston},
annote = {Monograph},
author = {Latombe, J C},
isbn = {0792391292},
pages = {1--651},
publisher = {Kluwer Academic Publishers},
series = {Kluwer international series in engineering and computer science;124},
title = {{Robot motion planning}},
year = {1991}
}
@book{Lavalle2006,
author = {LaValle, Steven M},
publisher = {Cambridge University},
title = {{Planning algorithms}},
year = {2006}
}
@inproceedings{Lee1993,
author = {Lee, C.Y. and Chan, S.P. and Mital, D.P.},
booktitle = {Proc. 36th Midwest Symp. Circuits Syst.},
doi = {10.1109/MWSCAS.1993.343382},
isbn = {0-7803-1760-2},
language = {English},
pages = {1439--1442},
publisher = {IEEE},
title = {{A joint torque disturbance observer for robotic assembly}},
year = {1993}
}
@inproceedings{Ott2010,
author = {Ott, Christian and Mukherjee, Ranjan and Nakamura, Yoshihiko},
booktitle = {IEEE Int. Conf. Robot. Autom.},
doi = {10.1109/ROBOT.2010.5509861},
isbn = {978-1-4244-5038-1},
issn = {1050-4729},
language = {English},
month = may,
pages = {554--561},
publisher = {IEEE},
title = {{Unified Impedance and Admittance Control}},
year = {2010}
}
@article{Owen-Hill2013,
author = {Owen-Hill, Alexander and others},
doi = {10.5772/57026},
isbn = {10.5772/57026},
issn = {1729-8806},
journal = {Int. J. Adv. Robot. Syst.},
language = {en},
month = oct,
number = {371},
pages = {1--7},
publisher = {InTech},
title = {{A Taxonomy for Heavy-Duty Telemanipulation Tasks Using Elemental Actions}},
volume = {10},
year = {2013}
}
@inproceedings{Quigley2009,
author = {Quigley, M and others},
booktitle = {ICRA Work. Open Source Softw.},
title = {{ROS: an open-source Robot Operating System}},
year = {2009}
}
@article{Rooks2006,
author = {Rooks, Brian},
doi = {10.1108/01439910610651446},
editor = {Smith, Faye},
issn = {0143-991X},
journal = {Ind. Robot An Int. J.},
language = {en},
month = mar,
number = {2},
pages = {125--130},
publisher = {Emerald Group Publishing Limited},
title = {{The harmonious robot}},
volume = {33},
year = {2006}
}
@inproceedings{Seraji1994,
author = {Seraji, H.},
booktitle = {IEEE Int. Conf. Robot. Autom.},
isbn = {0-8186-5330-2},
language = {English},
pages = {2705--2712},
publisher = {IEEE Comput. Soc. Press},
title = {{Adaptive admittance control: an approach to explicit force control in compliant motion}},
year = {1994}
}
@article{Smith2012,
author = {Smith, Christian and Karayiannidis, Yiannis and Nalpantidis, Lazaros and Gratal, Xavi and Qi, Peng and Dimarogonas, Dimos V. and Kragic, Danica},
doi = {10.1016/j.robot.2012.07.005},
issn = {09218890},
journal = {Rob. Auton. Syst.},
month = oct,
number = {10},
pages = {1340--1353},
title = {{Dual arm manipulationâ€”A survey}},
volume = {60},
year = {2012}
}
@article{Swevers2007,
author = {Swevers, Jan and Verdonck, Walter and {De Schutter}, Joris},
issn = {0272-1708},
journal = {IEEE Control Syst. Mag.},
language = {English},
month = oct,
number = {5},
pages = {58--71},
publisher = {IEEE},
title = {{Dynamic Model Identification for Industrial Robots}},
volume = {27},
year = {2007}
}
@inproceedings{Wahrburg2014,
author = {Wahrburg, Arne and others},
booktitle = {IEEE Int. Conf. Autom. Sci. Eng.},
isbn = {978-1-4799-5283-0},
language = {English},
month = aug,
pages = {1252--1257},
publisher = {IEEE},
title = {{Contact force estimation for robotic assembly using motor torques}},
year = {2014}
}
@inproceedings{Yamada1995,
author = {Yamada, Y. and Nagamatsu, S. and Sato, Y.},
booktitle = {IEEE Int. Conf. Robot. Autom.},
doi = {10.1109/ROBOT.1995.525592},
isbn = {0-7803-1965-6},
issn = {1050-4729},
language = {English},
pages = {2224--2229},
publisher = {IEEE},
title = {{Development of multi-arm robots for automobile assembly}},
volume = {3},
year = {1995}
}
@article{Yip2011,
author = {Yip, Michael C. and Tavakoli, Mahdi and Howe, Robert D.},
doi = {10.1163/016918611X558216},
issn = {0169-1864},
journal = {Adv. Robot.},
month = jan,
number = {5},
pages = {651--673},
publisher = {Taylor \& Francis},
title = {{Performance Analysis of a Haptic Telemanipulation Task under Time Delay}},
volume = {25},
year = {2011}
}
@article{Yoshikawa1985,
author = {Yoshikawa, T.},
issn = {0278-3649},
journal = {Int. J. Rob. Res.},
month = jun,
number = {2},
pages = {3--9},
title = {{Manipulability of Robotic Mechanisms}},
volume = {4},
year = {1985}
}
@inproceedings{Zghal1990,
address = {Cincinnati, OH},
author = {Zghal, H. and Dubey, R.V. and Euler, J.A.},
booktitle = {IEEE Int. Conf. Robot. Autom.},
doi = {10.1109/ROBOT.1990.126123},
isbn = {0-8186-9061-5},
language = {English},
pages = {1006--1011},
publisher = {IEEE Comput. Soc. Press},
title = {{Efficient gradient projection optimization for manipulators with multiple degrees of redundancy}},
year = {1990}
}
